@misc{jupyter_notebook,
    title={Jupyter {N}otebooks in {VS} {C}ode},
    year={2023},
    urldate={04-06-2024},
    url = {https://code.visualstudio.com/docs/datascience/jupyter-notebooks},
}

@misc{pandas,
    title = {{P}andas documentation},
    author = {{The pandas development team}},
    year={2023},
    urldate={08-06-2024},
    url = {https://pandas.pydata.org/docs/},
}

@book{deviation,
      author = {Heckert, N. A. and Filliben, James J. },
    title = {NIST Handbook 148: Dataplot Reference Manual},
    year = {2003},
    month = {6},
    pages = {66--67},
    volume = {2: Let Subcommands and Library Functions},
    publisher = "National Institute of Standards and Technology Handbook Series",
}

@misc{mid_budget,
    title = {{The Demise of Mid-Budget Cinema}},
    author = {Neil Iyer},
    year={2022},
    month={10},
    day={22},
    urldate={09-06-2024},
    url = {https://independent-magazine.org/2022/10/22/the-demise-of-mid-budget-cinema/}, 
}

@book{nps_score,
    author = {Fred Reichheld and Rob Markey},
    title = {The Ultimate Question 2.0: How Net Promoter Companies Thrive in a Customer-Driven World},
    publisher = {Harvard Business Review Press},
    year = {2011},
    month = {9}
}

@misc{variety-movie,
    title={Now Showing: Fewer Movies. Theaters Brace for Dramatic Drop in New Films},
    author={Rebecca Rubin},
    year={2022},
    month={Fevereiro},
    urldate={18-06-2024},
    url = {https://variety.com/2022/film/features/hollywood-studios-theatrical-release-disney-universal-1235161950/}, 
}


@book{globalfilmmarket,
    author = {Qiao Li and David Wilson and Yanqiu Guan},
    title = {The Global Film Market Transformation in the Post-Pandemic Era: Production, Distribution and Consumption},
    year = {2023},
    publisher = {Routledge},
}

@misc{esri_choropleth,
    author       = {Environmental Systems Research Institute},
    title        = {Choropleth Map},
    url          = {https://support.esri.com/en-us/gis-dictionary/choropleth-map},
    urldate={25-06-2024},
}

@misc{folium,
  author = {{The Folium Development Team}},
  title = {{Folium API Reference}},
  url = {https://python-visualization.github.io/folium/latest/reference.html},
  urldate={25-06-2024},
}

@misc{wordcloud,
    title = {{W}ordCloud for Python documentation},
    author = {{Andreas Mueller}},
    year = {2020},
    urldate = {20-07-2024},
    url = {https://github.com/amueller/word_cloud},
}


@InProceedings{networkx,
  author =       {Aric A. Hagberg and Daniel A. Schult and Pieter J. Swart},
  title =        {Exploring Network Structure, Dynamics, and Function using NetworkX},
  booktitle =   {Proceedings of the 7th Python in Science Conference},
  pages =     {11 - 15},
  address = {Pasadena, CA USA},
  year =      {2008},
  editor =    {Ga\"el Varoquaux and Travis Vaught and Jarrod Millman},
}

@misc{riseofthepostcredits,
    author = {{Alex Abad-Santos}},
    title = {The rise of the post-credits scene, explained},
    year = {2022},
    url = {https://www.vox.com/22893634/marvel-post-credits-scene-history},
    urldate = {20-07-2024},
}

@article{seaborn,
    doi = {10.21105/joss.03021},
    year = {2021},
    publisher = {The Open Journal},
    volume = {6},
    number = {60},
    pages = {3021},
    author = {Michael L. Waskom}, title = {seaborn: statistical data visualization}, journal = {Journal of Open Source Software}
}

@misc{euronews2024oscars,
    author    = {Euronews},
    title     = {Oscars 2024: Gender-balanced productions stagnate, only 3 Oscar-nominated films get ReFrame stamp},
    year      = {2024},
    url       = {https://www.euronews.com/culture/2024/03/04/oscars-2024-gender-balanced-productions-stagnate-only-3-oscar-nominated-films-get-reframe-},
    urldate = {28-09-2024}
}

@misc{ScienceAndMediaMuseum,
    author = {{Science and Media Museum}},
    title = {A Very Short History of Cinema},
    month={6},
    year ={2020},
    url = {https://www.scienceandmediamuseum.org.uk/objects-and-stories/very-short-history-of-cinema},
    urldate = {05-10-2024}
}

@phdthesis{homenko2015,
  author = {Alexander Homenko Neto},
  title = {Gestão estratégica na indústria criativa brasileira: heterogeneidade de desempenho nas coproduções internacionais de filmes de longa-metragem},
  year = {2015},
  school = {Pontifícia Universidade Católica de São Paulo},
}

@misc{cfiRoi,
  title = {Return on Investment (ROI)},
  author = {{Corporate Finance Institute}},
  url = {https://corporatefinanceinstitute.com/resources/accounting/return-on-investment-roi/},
  urldate = {06-10-2024}
}
@misc{cfiNetincome,
  title = {Net Income},
  author = {{Corporate Finance Institute}},
  url = {https://corporatefinanceinstitute.com/resources/accounting/what-is-net-income/},
  urldate = {06-10-2024}
}

@misc{tmdb2025,
  author    = {{The Movie Database (TMDB)}},
  title     = {About {TMDB}},
  year      = {2025},
  url       = {https://www.themoviedb.org/about},
  urldate      = {29-01-2025}
}

@misc{studiobinderProducerDirector,
  author = {StudioBinder},
  title = {Producer vs Director: The Roles \& Responsibilities Explained},
  year = {2019},
  url = {https://www.studiobinder.com/blog/producer-vs-director/},
  urldate = {11-11-2024}
}

@misc{latimes_writers_strike_2023,
  author = {Los Angeles Times Staff},
  title = {Writers' strike: What happened, how it ended and its impact on Hollywood},
  year = {2023},
  url = {https://www.latimes.com/entertainment-arts/business/story/2023-05-01/writers-strike-what-to-know-wga-guild-hollywood-productions},
  urldate = {11-11-2024},
}

@book{linear_regression,
  title={Introduction to Linear Regression Analysis},
  author={Montgomery, Douglas C. and Peck, Elizabeth A. and Vining, G. Geoffrey},
  year={2012},
  edition={5th},
  publisher={John Wiley \& Sons},
  isbn={9780470542811}
}

@article{anscombe,
  title={Graphs in Statistical Analysis},
  author={Anscombe, F. J.},
  journal={The American Statistician},
  volume={27},
  number={1},
  pages={17--21},
  year={1973},
  publisher={American Statistical Association},
  note={DOI: \url{10.1080/00031305.1973.10478966}},
}

@software{seabold2010statsmodels,
  author       = {Seabold, Skipper and Perktold, Josef},
  title        = {statsmodels: Econometric and statistical modeling with python},
  year         = {2010},
  publisher    = {Zenodo},
  version      = {0.14.1},
  doi          = {10.5281/zenodo.1188976},
  url          = {https://www.statsmodels.org/stable/index.html},
  urldate = {14-05-2025}
}

@book{bordwell2013film,
  author    = {David Bordwell and Kristin Thompson},
  title     = {Film Art: An Introduction},
  publisher = {McGraw-Hill},
  year      = {2013},
  address   = {New York}
}

@book{monaco2009how,
  author    = {James Monaco},
  title     = {How to Read a Film: Movies, Media, and Beyond},
  publisher = {Oxford University Press},
  year      = {2009},
  address   = {Oxford}
}

@article{sharma2020data,
  author    = {Amit Sharma},
  title     = {Data-Driven Decision-Making in the Film Industry},
  journal   = {Journal of Big Data},
  year      = {2020}
}

@book{ramos1997historia,
  author    = {Fernão Ramos},
  title     = {História do Cinema Brasileiro},
  publisher = {Art Editora},
  year      = {1997},
  address   = {São Paulo}
}

@article{rocha2023cinema,
  author    = {Fabiano Rocha},
  title     = {O cinema brasileiro pós-pandemia: desafios e perspectivas},
  journal   = {Revista de Cinema Brasileiro},
  year      = {2023}
}

@book{xavier2001discurso,
  author    = {Ismail Xavier},
  title     = {O Discurso Cinematográfico: A Opacidade e a Transparência},
  publisher = {Paz e Terra},
  year      = {2001},
  address   = {São Paulo}
}

@book{wyatt1994high,
  author    = {Justin Wyatt},
  title     = {High Concept: Movies and Marketing in Hollywood},
  publisher = {University of Texas Press},
  year      = {1994},
  address   = {Austin}
}

@book{maltby2003hollywood,
  author    = {Richard Maltby},
  title     = {Hollywood Cinema},
  publisher = {Blackwell Publishing},
  year      = {2003},
  address   = {Oxford}
}

@misc{nycdatascience2024,
  author    = {{NYC Data Science Academy}},
  title     = {Visualizing Movie Data to Recommend with TMDB},
  year      = {2024},
  url       = {https://nycdatascience.com/blog/student-works/visualizing-movie-data-to-recommend-with-tmdb/},
      urldate      = {28-01-2025}
}

@misc{cmu2021capstone,
  author    = {{Carnegie Mellon University}},
  title     = {Capstone Research: Movie Data Analysis with TMDb},
  year      = {2021},
  url       = {https://www.stat.cmu.edu/capstoneresearch/spring2021/315files/team19.html},
  urldate      = {29-01-2025}
}

@book{davenport1998working,
  author    = {Davenport, Thomas H. and Prusak, Laurence},
  title     = {Working Knowledge: How Organizations Manage What They Know},
  publisher = {Harvard Business School Press},
  year      = {1998},
  address   = {Boston}
}

@misc{setzer1999dado,
  author    = {Setzer, Valdemar W.},
  title     = {Dado, Informação, Conhecimento e Competência},
  year      = {1999},
  url       = {https://www.ime.usp.br/~vwsetzer/dado-info.html},
  urldate      = {29-01-2025}
}

@article{fayyad1996data,
  author    = {Fayyad, Usama and Piatetsky-Shapiro, Gregory and Smyth, Padhraic},
  title     = {From Data Mining to Knowledge Discovery in Databases},
  journal   = {AI Magazine},
  volume    = {17},
  number    = {3},
  pages     = {37-54},
  year      = {1996},
  publisher = {Association for the Advancement of Artificial Intelligence (AAAI)},
  url       = {https://aaai.org/ojs/index.php/aimagazine/article/view/1230},
  urldate = {14-05-2025},
}

@book{hair2019multivariate,
  author    = {Hair, Joseph F. and Black, William C. and Babin, Barry J. and Anderson, Rolph E.},
  title     = {Multivariate Data Analysis},
  edition   = {8th},
  publisher = {Cengage},
  year      = {2019},
  address   = {Andover}
}

@book{montgomery2014applied,
  author    = {Montgomery, Douglas C. and Runger, George C.},
  title     = {Applied Statistics and Probability for Engineers},
  edition   = {6th},
  publisher = {Wiley},
  year      = {2014},
  address   = {Hoboken}
}

@book{triola2018introducao,
  author    = {Triola, Mario F.},
  title     = {Introdução à Estatística},
  edition   = {13ª},
  publisher = {Pearson},
  year      = {2018},
  address   = {São Paulo}
}

@book{hastie2009elements,
  author    = {Hastie, Trevor and Tibshirani, Robert and Friedman, Jerome},
  title     = {The Elements of Statistical Learning: Data Mining, Inference, and Prediction},
  edition   = {2nd},
  publisher = {Springer},
  year      = {2009},
  url       = {https://web.stanford.edu/~hastie/ElemStatLearn/},
  urldate   = {29-01-2025}
}

@misc{scikit2025,
  author    = {{Scikit-Learn Developers}},
  title     = {Cross-validation: evaluating estimator performance},
  year      = {2025},
  url       = {https://scikit-learn.org/stable/modules/cross_validation.html},
  urldate   = {29-01-2025}
}

@book{breiman1984classification,
  author    = {Breiman, Leo and Friedman, Jerome H. and Olshen, Richard A. and Stone, Charles J.},
  title     = {Classification and Regression Trees},
  publisher = {Wadsworth International Group},
  year      = {1984},
  address   = {Belmont, CA}
}

@article{quinlan1986induction,
  author    = {Quinlan, J. Ross},
  title     = {Induction of Decision Trees},
  journal   = {Machine Learning},
  volume    = {1},
  number    = {1},
  pages     = {81--106},
  year      = {1986},
  publisher = {Springer}
}

@misc{geopandas,
  author    = {{The GeoPandas Development Team}},
  title     = {GeoPandas: Python tools for geographic data},
  year      = {2025},
  url       = {https://geopandas.org/},
  urldate   = {29-01-2025}
}

@article{numpy,
  author    = {Harris, Charles R. and Millman, K. Jarrod and van der Walt, Stéfan J. et al.},
  title     = {Array programming with NumPy},
  journal   = {Nature},
  volume    = {585},
  pages     = {357–362},
  year      = {2020},
  url       = {https://numpy.org/doc/stable/},
  urldate   = {29-01-2025}
}

@article{scikit-learn,
  author    = {Pedregosa, Fabian and Varoquaux, Gaël and Gramfort, Alexandre et al.},
  title     = {Scikit-learn: Machine Learning in Python},
  journal   = {Journal of Machine Learning Research},
  volume    = {12},
  pages     = {2825--2830},
  year      = {2011},
  url       = {https://scikit-learn.org/},
  urldate   = {29-01-2025}
}

@misc{ibm_rest_api,
  author = {{IBM}},
  title = {What is a REST API?},
  year = {2023},
  url = {https://www.ibm.com/think/topics/rest-apis},
  urldate = {29-01-2025}
}

@misc{restfulapi_statelessness,
  author = "{Restful API}",
  title = "{Statelessness in REST APIs}",
  year = {2023},
  url = {https://restfulapi.net/statelessness/},
  urldate = {29-01-2025}
}

@misc{geojson_specification,
  author = "{Internet Engineering Task Force (IETF)}",
  title = "{The GeoJSON Format}",
  year = {2016},
  url = {https://datatracker.ietf.org/doc/html/rfc7946},
  urldate = {29-01-2025}
}

@article{swami2021,
  author    = {Devendra Swami and Yash Phogat and Aadiraj Batlaw and Ashwin Goyal},
  title     = {Analyzing Movies to Predict Their Commercial Viability for Producers},
  journal   = {arXiv preprint},
  year      = {2021},
  archivePrefix = {arXiv},
  eprint    = {2101.01697},
  primaryClass = {cs.LG}
}

@article{udandarao2024,
  author    = {Vikranth Udandarao and Pratyush Gupta},
  title     = {Movie Revenue Prediction Using Machine Learning Models},
  journal   = {arXiv preprint},
  year      = {2024},
  archivePrefix = {arXiv},
  eprint    = {2405.11651},
  primaryClass = {cs.LG}
}

@article{bahraminasr2020,
  author    = {M. Bahraminasr and A. Vafaei-Sadr},
  title     = {IMDb data from Two Generations, from 1979 to 2019: Dataset Introduction and Preliminary Analysis},
  journal   = {arXiv preprint},
  year      = {2020},
  archivePrefix = {arXiv},
  eprint    = {2005.14147},
  primaryClass = {cs.CY}
}

@misc{iso3166-1,
  author    = "{International Organization for Standardization}",
  title     = "{ISO 3166-1: Codes for the representation of names of countries and their subdivisions -- Part 1: Country codes}",
  year      = {2020},
  url       = {https://www.iso.org/iso-3166-country-codes.html},
  urldate      = "29-01-2025"
}

@misc{tmdb_bible,
author    = "{The Movie Database (TMDB)}",
  title     = "{TMDB Bible: Official Guidelines and Standards}",
  year      = {2024},
  url       = {https://www.themoviedb.org/bible},
  urldate      = {29-01-2025}
}

@book{everitt2002cambridge,
  author    = {Brian S. Everitt},
  title     = {The Cambridge Dictionary of Statistics},
  year      = {2002},
  publisher = {Cambridge University Press},
  edition   = {2nd},
  address   = {Cambridge, UK}
}

@book{hastie2009elements,
  author    = {Trevor Hastie and Robert Tibshirani and Jerome Friedman},
  title     = {The Elements of Statistical Learning: Data Mining, Inference, and Prediction},
  publisher = {Springer},
  year      = {2009},
  edition   = {2nd},
  address   = {New York, USA}
}

@techreport{taylor1994nist,
  author    = {Barry N. Taylor and Chris E. Kuyatt},
  title     = {Guidelines for Evaluating and Expressing the Uncertainty of NIST Measurement Results},
  institution = {National Institute of Standards and Technology (NIST)},
  year      = {1994},
  number    = {NIST Technical Note 1297},
  address   = {Gaithersburg, MD, USA},
  url       = {https://www.nist.gov/pml/nist-technical-note-1297},
  urldate = {14-05-2025}
}

@manual{python,
  author    = {{Python Software Foundation}},
  title     = {Python Language Reference, version 3.x},
  year      = {2024},
  url       = {https://www.python.org/},
  urldate      = {29-01-2024}
}
